@article{PereiraLobo2012,
  author    = {JC~Pereira and FG Lobo},
  title     = {
	An {Optimized} {Divide}--and--{Conquer} {Algorithm} for
	the {Closest}--{Pair} {Problem} in the Planar Case
  },
  journal   = {J. Comput. Sci. Technol.},
  volume    = {27},
  number    = {4},
  pages     = {891--896},
  year      = {2012},
}
%
@book{Johansson2018,
  title={Numerical Python: Scientific Computing and Data Science
	 Applications with Numpy, SciPy and Matplotlib},
  author={R.~Johansson},
  isbn={9781484242469},
  year={2018},
  publisher={Apress}
}
%
@book{Cormen2009,
  title={Introduction to {Algorithms}},
  author={Cormen, TH. and Leiserson, CE. and Rivest, RL. and Stein, C.},
  isbn={9780262033848},
  series={Computer {Science}},
  year={2009},
  publisher={MIT Press}
}
